@INPROCEEDINGS{5350011,
   author={Schwarzkopf, R. and Schmidt, M. and Fallenbeck, N. and Freisleben, B.},
   booktitle={Software Engineering and Advanced Applications, 2009. SEAA '09. 35th Euromicro Conference on}, title={Multi-layered Virtual Machines for Security Updates in Grid Environments},
   year={2009},
   month={27-29},
   volume={},
   number={},
   pages={563 -570},
   keywords={cloud computing;grid computing;grid environments;multilayered virtual machines;security attack risk;security updates;software stack;user specific virtual machines;grid computing;security of data;virtual machines;},
   doi={10.1109/SEAA.2009.74},
   ISSN={1089-6503},}
@INPROCEEDINGS{1520898,
   author={Kim, H.S. and Yeom, H.Y.},
   booktitle={Challenges of Large Applications in Distributed Environments, 2005. CLADE 2005. Proceedings}, title={A user-transparent recoverable file system for distributed computing environment},
   year={2005},
   month={24},
   volume={},
   number={},
   pages={ 45 - 53},
   keywords={ Ext2; Linux; MPICH-GF; ReFS; checkpointing system; distributed computing; fault-tolerant system; grid environment; job processing; message passing; middleware library; system call interface; system reliability; user-transparent recoverable file system; versioning-like file system; Linux; checkpointing; fault tolerant computing; grid computing; middleware; software libraries;},
   doi={10.1109/CLADE.2005.1520898},
   ISSN={ },}
@INPROCEEDINGS{4595934,
   author={Al-Kiswany, S. and Ripeanu, M. and Vazhkudai, S.S. and Gharaibeh, A.},
   booktitle={Distributed Computing Systems, 2008. ICDCS '08. The 28th International Conference on}, title={stdchk: A Checkpoint Storage System for Desktop Grid Computing},
   year={2008},
   month={17-20},
   volume={},
   number={},
   pages={613 -624},
   keywords={checkpoint storage system;data management;desktop grid computing;fault tolerance;scavenged disk space;stdchk;traditional file system;checkpointing;grid computing;software fault tolerance;storage management;},
   doi={10.1109/ICDCS.2008.19},
   ISSN={1063-6927},}
@INPROCEEDINGS{5197356,
   author={Yonghong Sheng and Dongsheng Wang and Jin-Yang He and Da-Peng Ju},
   booktitle={Networking, Architecture, and Storage, 2009. NAS 2009. IEEE International Conference on}, title={TH-CDP: An Efficient Block Level Continuous Data Protection System},
   year={2009},
   month={9-11},
   volume={},
   number={},
   pages={395 -404},
   keywords={/O request packet queue;IOzone;block level continuous data protection system;business processing;checkpointing mechanism;data writing;file system level;granular recovery point;log-structured technique;recovery assurance process;space recycling;storage systems;virtual volume image;data structures;security of data;},
   doi={10.1109/NAS.2009.69},
   ISSN={},}
